<record><leader>00000cas a2200000 a 4500</leader><controlfield tag="001">2250666</controlfield><controlfield tag="008">760620d17191741mauwr ne      0    0eng c</controlfield><datafield ind1=" " ind2=" " tag="010"><subfield code="a">sn 83021287 </subfield></datafield><datafield ind1=" " ind2=" " tag="040"><subfield code="a">MUL</subfield><subfield code="b">eng</subfield><subfield code="c">MUL</subfield><subfield code="d">NPX</subfield><subfield code="d">NPA</subfield><subfield code="d">NPU</subfield><subfield code="d">DLC</subfield><subfield code="d">UNP</subfield><subfield code="d">DLC</subfield><subfield code="d">NJW</subfield><subfield code="d">KNP</subfield><subfield code="d">MFN</subfield><subfield code="d">MGN</subfield><subfield code="d">KNP</subfield><subfield code="d">MGN</subfield><subfield code="d">CNK</subfield><subfield code="d">HUL</subfield><subfield code="d">FUG</subfield><subfield code="d">NVK</subfield><subfield code="d">TGN</subfield><subfield code="d">IUL</subfield><subfield code="d">OCL</subfield><subfield code="d">CVF</subfield><subfield code="d">IUL</subfield><subfield code="d">NYS</subfield><subfield code="d">OCLCG</subfield><subfield code="d">KRTAS</subfield><subfield code="d">OCLCQ</subfield><subfield code="d">OCLCF</subfield><subfield code="d">WAU</subfield><subfield code="d">OCLCO</subfield></datafield><datafield ind1="1" ind2=" " tag="029"><subfield code="a">NZ1</subfield><subfield code="b">16069651</subfield></datafield><datafield ind1=" " ind2=" " tag="042"><subfield code="a">pcc</subfield></datafield><datafield ind1=" " ind2=" " tag="043"><subfield code="a">n-us-ma</subfield></datafield><datafield ind1="0" ind2="0" tag="050"><subfield code="a">Newspaper</subfield></datafield><datafield ind1="0" ind2=" " tag="130"><subfield code="a">Boston gazette (Boston, Mass. : 1719)</subfield></datafield><datafield ind1="1" ind2="4" tag="245"><subfield code="a">The Boston gazette.</subfield></datafield><datafield ind1="3" ind2=" " tag="246"><subfield code="a">New-England, the Boston Gazette</subfield></datafield><datafield ind1=" " ind2=" " tag="260"><subfield code="a">Boston [Mass.] :</subfield><subfield code="b">J. Franklin,</subfield><subfield code="c">1719-1741.</subfield></datafield><datafield ind1=" " ind2=" " tag="300"><subfield code="a">1025 no. ;</subfield><subfield code="c">38 cm.</subfield></datafield><datafield ind1=" " ind2=" " tag="310"><subfield code="a">Weekly</subfield></datafield><datafield ind1="0" ind2=" " tag="362"><subfield code="a">No. 1 (Dec. 21, 1719)-no. 1025 (Oct. 12-19, 1741).</subfield></datafield><datafield ind1=" " ind2=" " tag="500"><subfield code="a">"New-England," appears above title in masthead.</subfield></datafield><datafield ind1=" " ind2=" " tag="500"><subfield code="a">"Published by Authority."</subfield></datafield><datafield ind1="4" ind2=" " tag="510"><subfield code="a">Brigham, C.S. Amer. newspapers</subfield><subfield code="c">p. 297</subfield></datafield><datafield ind1=" " ind2=" " tag="530"><subfield code="a">Also issued on microopaque and microfilm by Readex Microprint Corp. and Graphic Service Corp.</subfield></datafield><datafield ind1=" " ind2=" " tag="580"><subfield code="a">Merged with: New-England weekly journal; to form: Boston gazette, or, New England weekly journal.</subfield></datafield><datafield ind1=" " ind2="0" tag="651"><subfield code="a">Boston (Mass.)</subfield><subfield code="v">Newspapers.</subfield></datafield><datafield ind1=" " ind2="0" tag="651"><subfield code="a">Suffolk County (Mass.)</subfield><subfield code="v">Newspapers.</subfield></datafield><datafield ind1=" " ind2="7" tag="651"><subfield code="a">Massachusetts</subfield><subfield code="z">Boston.</subfield><subfield code="2">fast</subfield><subfield code="0">(OCoLC)fst01205012</subfield></datafield><datafield ind1=" " ind2="7" tag="651"><subfield code="a">Massachusetts</subfield><subfield code="z">Suffolk County.</subfield><subfield code="2">fast</subfield><subfield code="0">(OCoLC)fst01206189</subfield></datafield><datafield ind1=" " ind2="7" tag="655"><subfield code="a">Newspapers.</subfield><subfield code="2">fast</subfield><subfield code="0">(OCoLC)fst01423814</subfield></datafield><datafield ind1="1" ind2=" " tag="700"><subfield code="a">Franklin, James,</subfield><subfield code="d">1697-1735.</subfield></datafield><datafield ind1="1" ind2=" " tag="700"><subfield code="a">Kneeland, Samuel,</subfield><subfield code="d">1697-1769.</subfield></datafield><datafield ind1="1" ind2=" " tag="700"><subfield code="a">Green, Timothy,</subfield><subfield code="d">1703-1763.</subfield></datafield><datafield ind1=" " ind2=" " tag="752"><subfield code="a">United States</subfield><subfield code="b">Massachusetts</subfield><subfield code="c">Suffolk</subfield><subfield code="d">Boston.</subfield></datafield><datafield ind1="1" ind2=" " tag="776"><subfield code="t">Boston gazette (Boston, Mass. : 1719)</subfield><subfield code="w">(DLC)  2014252011</subfield><subfield code="w">(OCoLC)878686092</subfield></datafield><datafield ind1="1" ind2="7" tag="785"><subfield code="t">New-England weekly journal</subfield><subfield code="w">(DLC)sn 83021286</subfield><subfield code="w">(OCoLC)10074903</subfield></datafield><datafield ind1="1" ind2="7" tag="785"><subfield code="t">Boston gazette, or, New England weekly journal</subfield><subfield code="w">(DLC)sn 83021288</subfield><subfield code="w">(OCoLC)10075389</subfield></datafield><datafield ind1=" " ind2=" " tag="850"><subfield code="a">MH</subfield></datafield><datafield ind1=" " ind2=" " tag="938"><subfield code="a">Kirtas Technologies, Inc.</subfield><subfield code="b">KRTS</subfield><subfield code="n">734112</subfield></datafield></record>